@book{Deville,
  title = {High-{{Order Methods}} for {{Incompressible Fluid Flow}}},
  author = {Deville, M. and Fischer, Paul and Mund, E. H.},
  year = {2004},
  isbn = {0-511-03760-0},
  language = {en}
}
